@article{Brenner2001,
  author = {Brenner, I. K. M. and Castellani, J. W. and Gabaree, C. and Young, A. J. and Zamecnik, J. and Shephard, R. J. and Shek, P. N.},
  title = {Human physiological responses to immersion into water of different temperatures},
  journal = {European Journal of Applied Physiology},
  volume = {85},
  number = {3-4},
  pages = {374--380},
  year = {2001},
  doi = {10.1007/s004210100237}
}

@online{PBS2023,
  author = {Esperland D, de Weerd L, Mercer JB.},
  title = {Health effects of voluntary exposure to cold water - a continuing subject of debate.},
  year = {2022},
  journal = {Int J Circumpolar Health},
  volume = {81},
  doi = {10.1080/22423982.2022.2111789}
}
@article{Polito2018,
  author = {Polito, Vince and Stevenson, Richard J.},
  title = {A systematic study of microdosing psychedelics},
  journal = {PLOS ONE},
  volume = {14},
  number = {2},
  pages = {e0211023},
  year = {2019},
  doi = {10.1371/journal.pone.0211023}
}

@article{Dean2017,
  author = {Dean, Jeremy and Keshavan, Matcheri},
  title = {The neurobiology of depression: An integrated view},
  journal = {Asian Journal of Psychiatry},
  volume = {27},
  pages = {101--111},
  year = {2017},
  doi = {10.1016/j.ajp.2017.01.025}
}

@article{Gerritsen2018,
  author = {Gerritsen, Roderik J. S. and Band, Guido P. H.},
  title = {Breath of Life: The Respiratory Vagal Stimulation Model of Contemplative Activity},
  journal = {Frontiers in Human Neuroscience},
  volume = {12},
  pages = {397},
  year = {2018},
  doi = {10.3389/fnhum.2018.00397}
}

@article{Russo2018,
  author = {Russo, Ethan B.},
  title = {The Case for the Entourage Effect and Conventional Breeding of Clinical Cannabis: No "Strain," No Gain},
  journal = {Frontiers in Plant Science},
  volume = {9},
  pages = {1969},
  year = {2018},
  doi = {10.3389/fpls.2018.01969}
}
@article{Szabo2020,
  author = {Szabo, Attila and Kocsis, √Ågota},
  title = {Psychological effects of deep-breathing: the impact of expectancy-priming},
  journal = {Psychology, Health and Medicine},
  volume = {25},
  number = {10},
  pages = {1169--1177},
  year = {2020},
  doi = {10.1080/13548506.2020.1726446}
}

@article{Zaccaro2018,
  author = {Zaccaro, Andrea and Piarulli, Andrea and Laurino, Marco and Garbella, Erika and Menicucci, Danilo and Neri, Bruno and Gemignani, Angelo},
  title = {How Breath-Control Can Change Your Life: A Systematic Review on Psycho-Physiological Correlates of Slow Breathing},
  journal = {Frontiers in Human Neuroscience},
  volume = {12},
  pages = {353},
  year = {2018},
  doi = {10.3389/fnhum.2018.00353}
}

@article{Dean2023,
  author = {Dean, Jeremy and Keshavan, Matcheri},
  title = {The Integrative power of music: Insights into neuroplasticity, health, and disease},
  journal = {Journal of Integrative Neuroscience},
  volume = {22},
  number = {1},
  pages = {1--15},
  year = {2023},
  doi = {10.31083/j.jin2201018}
}

@article{Barker2018,
  author = {Barker, Steven},
  title = {Biosynthesis and Extracellular Concentrations of N,N-dimethyltryptamine (DMT) in Mammalian Brain},
  journal = {Frontiers in Neuroscience},
  volume = {12},
  pages = {740},
  year = {2018},
  doi = {10.3389/fnins.2018.00740}
}

@article{Kirk2015,
  author = {Kirk, Ulrich and Montague, P. Read},
  title = {Mindfulness meditation modulates reward prediction errors in a passive conditioning task},
  journal = {Frontiers in Psychology},
  volume = {6},
  pages = {90},
  year = {2015},
  doi = {10.3389/fpsyg.2015.00090}
}

@article{Kox2014,
  author = {Kox, Matthijs and van Eijk, Lucas T. and Zwaag, Jelle and van den Wildenberg, Joanne and Sweep, Fred C. G. J. and van der Hoeven, Johannes G. and Pickkers, Peter},
  title = {Voluntary activation of the sympathetic nervous system and attenuation of the innate immune response in humans},
  journal = {Proceedings of the National Academy of Sciences},
  volume = {111},
  number = {20},
  pages = {7379--7384},
  year = {2014},
  doi = {10.1073/pnas.1322174111}
}

@article{Muzik2018,
  author = {Muzik, Otto and Reilly, Kathryn T. and Diwadkar, Vaibhav A.},
  title = {Brain over body - A study on the willful regulation of autonomic function during cold exposure},
  journal = {NeuroImage},
  volume = {172},
  pages = {632--641},
  year = {2018},
  doi = {10.1016/j.neuroimage.2018.01.067}
}
@article{pbsBathsSocial,
  author = {Yankouskaya, Ala and Williamson, Ruth and Stacey, Cameron and Totman, John James and Massey, Heather},
  title = {Short-Term Head-Out Whole-Body Cold-Water Immersion Facilitates Positive Affect and Increases Interaction between Large-Scale Brain Networks},
  year = {2023},
  doi = {10.3390/biology12020211},
  journal = {Biology},
  volume = {12},
  issue = {2},
  pages = {211}
}
@article{stanfordJumpingInto,
  title = {Cardiovascular and mood responses to an acute bout of cold water immersion},
  journal = {Journal of Thermal Biology},
  volume = {118},
  pages = {103727},
  year = {2023},
  issn = {0306-4565},
  doi = {https://doi.org/10.1016/j.jtherbio.2023.103727},
  url = {https://www.sciencedirect.com/science/article/pii/S0306456523002681},
  author = {Emma L. Reed and Christopher L. Chapman and Emma K. Whittman and Talia E. Park and Emily A. Larson and Brendan W. Kaiser and Lindan N. Comrada and Karen {Wiedenfeld Needham} and John R. Halliwill and Christopher T. Minson}
}
@article{jyiSeekingHappiness,
	author = {Kris C.Y. Lam, Nafisa M. Jadavji},
	title = {Seeking Happiness: Understanding the Mechanisms of Mixing Music and Drugs},
	journal = {Journal of Young Investigators},
	year = {2018},
}
@article{alameda2022,
  title = {The brain in flow: A systematic review on the neural basis of the flow state},
  journal = {Cortex},
  volume = {154},
  pages = {348-364},
  year = {2022},
  issn = {0010-9452},
  doi = {https://doi.org/10.1016/j.cortex.2022.06.005},
  url = {https://www.sciencedirect.com/science/article/pii/S0010945222001836},
  author = {Clara Alameda and Daniel Sanabria and Luis F. Ciria}
}
@article{brainMuriel,
  title = {The transformative power of music: Insights into neuroplasticity, health, and disease},
  journal = {Brain, Behavior, and Immunity - Health},
  volume = {35},
  pages = {100716},
  year = {2024},
  issn = {2666-3546},
  doi = {https://doi.org/10.1016/j.bbih.2023.100716},
  url = {https://www.sciencedirect.com/science/article/pii/S2666354623001308},
  author = {Muriel T. Zaatar and Kenda Alhakim and Mohammad Enayeh and Ribal Tamer}
}
@article{anneblood,
  doi = {doi:10.1073/pnas.191355898},
  author = {Anne J. Blood  and Robert J. Zatorre },
  title = {Intensely pleasurable responses to music correlate with activity
  in brain regions implicated in reward and emotion},
  journal = {Proceedings of the National Academy of Sciences},
  volume = {98},
  number = {20},
  pages = {11818-11823},
  year = {2001},
  doi = {10.1073/pnas.191355898},
  URL = {https://www.pnas.org/doi/abs/10.1073/pnas.191355898},
  eprint = {https://www.pnas.org/doi/pdf/10.1073/pnas.191355898}
 }
@article{Salimpoor2011,
  doi={https://doi.org/10.1038/nn.2726},
  journal={Nature Neuroscience},
  author={Valorie N Salimpoor, Mitchel Benovoy and Kevin Larcher and Alain Dagher and Robert J Zatorre},
  title = {Anatomically distinct dopamine release during anticipation and experience of peak emotion to music},
  pages = {257-262},
  volume={14},
  issue={2},
  year={2011}
}
@article{benjamin,
  author = {Benjamin P. Gold  and Ernest Mas-Herrero  and Yashar Zeighami  and Mitchel Benovoy  and Alain Dagher  and Robert J. Zatorre },
  title = {Musical reward prediction errors engage the nucleus accumbens and motivate learning},
  journal = {Proceedings of the National Academy of Sciences},
  volume = {116},
  number = {8},
  pages = {3310-3315},
  year = {2019},
  doi = {10.1073/pnas.1809855116},
  URL = {https://www.pnas.org/doi/abs/10.1073/pnas.1809855116},
  eprint = {https://www.pnas.org/doi/pdf/10.1073/pnas.1809855116}
}
@article{Feduccia2008,
  title = {Auditory stimuli enhance MDMA-conditioned reward and MDMA-induced nucleus accumbens dopamine, serotonin and locomotor responses},
  journal = {Brain Research Bulletin},
  volume = {77},
  number = {4},
  pages = {189-196},
  year = {2008},
  issn = {0361-9230},
  doi = {https://doi.org/10.1016/j.brainresbull.2008.07.007},
  url = {https://www.sciencedirect.com/science/article/pii/S0361923008002621},
  author = {Allison A. Feduccia and Christine L. Duvauchelle},
  keywords = {3,4-Methylenedioxymethamphetamine, Conditioned place preference, MDMA reinforcement},
}
@article{Polston2011,
  title = {Music and methamphetamine: Conditioned cue-induced increases in locomotor activity and dopamine release in rats},
  journal = {Pharmacology Biochemistry and Behavior},
  volume = {98},
  number = {1},
  pages = {54-61},
  year = {2011},
  issn = {0091-3057},
  doi = {https://doi.org/10.1016/j.pbb.2010.11.024},
  url = {https://www.sciencedirect.com/science/article/pii/S009130571000362X},
  author = {J.E. Polston and H.Y. Rubbinaccio and J.T. Morra and E.M. Sell and S.D. Glick}
}
@article{BIRDEE2023102937,
  title = {Slow breathing for reducing stress: The effect of extending exhale},
  journal = {Complementary Therapies in Medicine},
  volume = {73},
  pages = {102937},
  year = {2023},
  issn = {0965-2299},
  doi = {https://doi.org/10.1016/j.ctim.2023.102937},
  url = {https://www.sciencedirect.com/science/article/pii/S0965229923000249},
  author = {Gurjeet Birdee and Katrina Nelson and Ken Wallston and Hui Nian and Andre Diedrich and Sachin Paranjape and Robert Abraham and Alfredo Gamboa}
}
@article{LABORDE2022104711,
  title = {Effects of voluntary slow breathing on heart rate and heart rate variability: A systematic review and a meta-analysis},
  journal = {Neuroscience and Biobehavioral Reviews},
  volume = {138},
  pages = {104711},
  year = {2022},
  issn = {0149-7634},
  doi = {https://doi.org/10.1016/j.neubiorev.2022.104711},
  url = {https://www.sciencedirect.com/science/article/pii/S0149763422002007},
  author = {S. Laborde and M.S. Allen and U. Borges and F. Dosseville and T.J. Hosang and M. Iskra and E. Mosley and C. Salvotti and L. Spolverato and N. Zammit and F. Javelle}
}
@ARTICLE{KirkUlrich,
  AUTHOR={Kirk, Ulrich  and Montague, P. Read },
  TITLE={Mindfulness meditation modulates reward prediction errors in a passive conditioning task},
  JOURNAL={Frontiers in Psychology},
  VOLUME={6},
  YEAR={2015},
  URL={https://www.frontiersin.org/journals/psychology/articles/10.3389/fpsyg.2015.00090},
  DOI={10.3389/fpsyg.2015.00090},
  ISSN={1664-1078}
}
@article{PretictiveMind,
  author={Giuseppe Pagnoni, Wendy Hasenkamp},
  title={Remembrance of things to come: the predictive nature of the mind and contemplative practices},
  journal={Mind and Life Institute},
  year={2014}
}
@article{hopper,
  author = {Hopper, Susan and Murray, Sherrie and Ferrara, Lucille and Singleton, Joanne},
  title = {Effectiveness of diaphragmatic breathing for reducing physiological and psychological stress in adults: a quantitative systematic review},
  journal = {JBI Database of Systematic Reviews and Implementation Reports},
  volume = {17},
  number = {9},
  pages = {1855--1876},
  year = {2019},
  doi = {10.11124/JBISRIR-2017-003848}
}
@article{breathworkDmt,
  author = {Lewis-Healey, Evan and Tagliazucchi, Enzo and Canales-Johnson, Andres and Bekinschtein, Tristan},
  year = {2024},
  month = {08},
  pages = {},
  title = {Breathwork-induced psychedelic experiences modulate neural dynamics},
  volume = {34},
  journal = {Cerebral Cortex},
  doi = {10.1093/cercor/bhae347}
}
@article{timmermanDmt,
  author = {Timmermann, Christopher and Roseman, Leor and Haridas, Sharad and Rosas, Fernando and Luan, Lisa and Kettner, Hannes and Martell, Jonny and Erritzoe, David and Tagliazucchi, Enzo and Pallavicini, Carla and Girn, Manesh and Alamia, Andrea and Leech, Robert and Nutt, David and Carhart-Harris, Robin},
  year = {2023},
  month = {03},
  pages = {e2218949120},
  title = {Human brain effects of DMT assessed via EEG-fMRI},
  volume = {120},
  journal = {Proceedings of the National Academy of Sciences of the United States of America},
  doi = {10.1073/pnas.2218949120}
}
@article {Abassi2024,
	author = {Abassi, Etienne and   orre, Robert J.},
	title = {Influence of social and semantic contexts on phonetic encoding in naturalistic conversations},
	elocation-id = {2024.01.10.575068},
	year = {2024},
	doi = {10.1101/2024.01.10.575068},
	publisher = {Cold Spring Harbor Laboratory},
	URL = {https://www.biorxiv.org/content/early/2024/12/12/2024.01.10.575068},
	eprint = {https://www.biorxiv.org/content/early/2024/12/12/2024.01.10.575068.full.pdf},
	journal = {Cold Spring Harbor Laboratory}
}
@article{Dean2019,
  title = {Biosynthesis and Extracellular Concentrations of N,N-dimethyltryptamine (DMT) in Mammalian Brain},
  author = {Dean, Jon G. and Liu, Tiecheng and Huff, Sean and Sheler, Ben and Barker, Steven A. and Strassman, Rick J. and Wang, Michael M. and Borjigin, Jimo},
  journal = {Scientific Reports},
  volume = {9},
  year = {2019},
  pages = {2045--2322},
  doi = {10.1038/s41598-019-45812-w},
  url = {https://doi.org/10.1038/s41598-019-45812-w}
}

@article{javierJimenez,
  author = {Javier Hidalgo Jim√©nez and Jos√© Carlos Bouso},
  title ={Significance of mammalian N, N-dimethyltryptamine (DMT): A 60-year-old debate},
  journal = {Journal of Psychopharmacology},
  volume = {36},
  number = {8},
  pages = {905-919},
  year = {2022},
  doi = {10.1177/02698811221104054},
  note ={PMID: 35695604},
  URL = {https://doi.org/10.1177/02698811221104054},
  eprint = {https://doi.org/10.1177/02698811221104054}
}
@article{SHEVCHUK2008995,
  title = {Adapted cold shower as a potential treatment for depression},
  journal = {Medical Hypotheses},
  volume = {70},
  number = {5},
  pages = {995-1001},
  year = {2008},
  issn = {0306-9877},
  doi = {https://doi.org/10.1016/j.mehy.2007.04.052},
  url = {https://www.sciencedirect.com/science/article/pii/S030698770700566X},
  author = {Nikolai A. Shevchuk}
}
@article{dunbarMusic,
  author = {R.I.M. Dunbar and Kostas Kaskatis and Ian MacDonald and Vinnie Barra},
  title ={Performance of Music Elevates Pain Threshold and Positive Affect: Implications for the Evolutionary Function of Music},
  journal = {Evolutionary Psychology},
  volume = {10},
  number = {4},
  pages = {688-702},
  year = {2012},
  doi = {10.1177/147470491201000403},
  note ={PMID: 23089077},
  URL = {https://doi.org/10.1177/147470491201000403},
  eprint = {https://doi.org/10.1177/147470491201000403}
}

@article{Sramek2000,
  author = {Sramek, P. and Simeckova, M. and Jansky, L. and Savlikova, J. and Vybiral, S.},
  title = {Human physiological responses to immersion into water of different temperatures},
  doi = {10.1007/s004210050065},
  url = {https://doi.org/10.1007/s004210050065},
  pages = {436--442},
  journal = {European Journal of Applied Physiology},
  year = {2000},
  volume = {81},
  number = {5}
}
@article{januaryJanuary,
  author = {Shevchuk, Nikolai A.},
  title = {Adapted cold shower as a potential treatment for depression},
  journal = {Medical Hypotheses},
  volume = {70},
  number = {5},
  pages = {995--1001},
  year = {2008},
  doi = {10.1016/j.mehy.2007.04.052}
}
